@article{chapman2007magixen,
  title={Magixen: Combining binary translation and virtualization},
  author={Chapman, Matthew and Magenheimer, Daniel J and Ranganathan, Parthasarathy},
  journal={HP Enterprise Systems and Software Laboratory},
  pages={1--15},
  year={2007}
}

@inproceedings{kivity2007kvm,
  title={kvm: the Linux virtual machine monitor},
  author={Kivity, Avi and Kamay, Yaniv and Laor, Dor and Lublin, Uri and Liguori, Anthony},
  booktitle={Proceedings of the Linux symposium},
  volume={1},
  number={8},
  pages={225--230},
  year={2007},
  organization={Dttawa, Dntorio, Canada}
}

% huxueshi 这篇文章,让我们怒斥一下他
@phdthesis{姜海涛2013内核级二进制翻译系统设计及性能优化,
  title={内核级二进制翻译系统设计及性能优化},
  author={姜海涛},
  year={2013},
  school={中国科学技术大学}
}

% 不是翻译,而是优化的,有必要看看
@inproceedings{bala2000dynamo,
  title={Dynamo: A transparent dynamic optimization system},
  author={Bala, Vasanth and Duesterwald, Evelyn and Banerjia, Sanjeev},
  booktitle={Proceedings of the ACM SIGPLAN 2000 conference on Programming language design and implementation},
  pages={1--12},
  year={2000}
}

@inproceedings{dehnert2003transmeta,
  title={The Transmeta Code Morphing/spl trade/Software: using speculation, recovery, and adaptive retranslation to address real-life challenges},
  author={Dehnert, James C and Grant, Brian K and Banning, John P and Johnson, Richard and Kistler, Thomas and Klaiber, Alexander and Mattson, Jim},
  booktitle={International Symposium on Code Generation and Optimization, 2003. CGO 2003.},
  pages={15--24},
  year={2003},
  organization={IEEE}
}

%huxueshi 阅读一下这个文章
@article{klaiber2000technology,
  title={The technology behind Crusoe processors},
  author={Klaiber, Alexander and others},
  journal={Transmeta Technical Brief},
  year={2000}
}

@INPROCEEDINGS{1253195,
  author={Baraz, L. and Devor, T. and Etzion, O. and Goldenberg, S. and Skaletsky, A. and Yun Wang and Zemach, Y.},
  booktitle={Proceedings. 36th Annual IEEE/ACM International Symposium on Microarchitecture, 2003. MICRO-36.}, 
  title={IA-32 execution layer: a two-phase dynamic translator designed to support IA-32 applications on Itanium/spl reg/-based systems}, 
  year={2003},
  volume={},
  number={},
  pages={191-201},
  doi={10.1109/MICRO.2003.1253195}}

%huxueshi 看看别人都是怎么的名词,到底用不用 bare metal 这个词汇

% 既然之前 captive 的作者都研究过中断的问题,难道真的 captive 实现过中断吗?

% huxueshi Tom Spink 的这个文章就是从四个方面分析的,应该好好读读 
@article{spink2016hardware,
  title={Hardware-accelerated cross-architecture full-system virtualization},
  author={Spink, Tom and Wagstaff, Harry and Franke, Bj{\"o}rn},
  journal={ACM Transactions on Architecture and Code Optimization (TACO)},
  volume={13},
  number={4},
  pages={1--25},
  year={2016},
  publisher={ACM New York, NY, USA}
}

@article{spink2020retargetable,
  title={A retargetable system-level DBT hypervisor},
  author={Spink, Tom and Wagstaff, Harry and Franke, Bj{\"o}rn},
  journal={ACM Transactions on Computer Systems (TOCS)},
  volume={36},
  number={4},
  pages={1--24},
  year={2020},
  publisher={ACM New York, NY, USA}
}

@inproceedings{bellard2005qemu,
  title={QEMU, a fast and portable dynamic translator.},
  author={Bellard, Fabrice},
  booktitle={USENIX annual technical conference, FREENIX Track},
  volume={41},
  number={46},
  pages={10--5555},
  year={2005},
  organization={Califor-nia, USA}
}

@inproceedings{ebciouglu1997daisy,
  title={DAISY: Dynamic compilation for 100\% architectural compatibility},
  author={Ebcio{\u{g}}lu, Kemal and Altman, Erik R},
  booktitle={Proceedings of the 24th annual international symposium on Computer architecture},
  pages={26--37},
  year={1997}
}

% 继续参考刘奇的项目看看有什么
@article{lawton1996bochs,
  title={Bochs: A portable pc emulator for unix/x},
  author={Lawton, Kevin P},
  journal={Linux Journal},
  volume={1996},
  number={29es},
  pages={7--es},
  year={1996},
  publisher={Belltown Media Houston, TX}
}

@inproceedings{witchel1996embra,
  title={Embra: Fast and flexible machine simulation},
  author={Witchel, Emmett and Rosenblum, Mendel},
  booktitle={Proceedings of the 1996 ACM SIGMETRICS international conference on Measurement and modeling of computer systems},
  pages={68--79},
  year={1996}
}

% 也许使用这个 ref 并不好, 使用 desai2013hypervisor 中分析主流的 VMM
@inproceedings{rosenblum1999vmwares,
  title={Vmwares virtual platform},
  author={Rosenblum, Mendel},
  booktitle={Proceedings of hot chips},
  volume={1999},
  pages={185--196},
  year={1999}
}

@article{desai2013hypervisor,
  title={Hypervisor: A survey on concepts and taxonomy},
  author={Desai, Ankita and Oza, Rachana and Sharma, Pratik and Patel, Bhautik},
  journal={International Journal of Innovative Technology and Exploring Engineering},
  volume={2},
  number={3},
  pages={222--225},
  year={2013},
  publisher={Citeseer}
}

% 将 HSPT 和 BTMMU 的问题也说明一下

% 找到 Tom SPink 文章中的各种整理

@inproceedings{cota2017cross,
  title={Cross-ISA machine emulation for multicores},
  author={Cota, Emilio G and Bonzini, Paolo and Benn{\'e}e, Alex and Carloni, Luca P},
  booktitle={2017 IEEE/ACM International Symposium on Code Generation and Optimization (CGO)},
  pages={210--220},
  year={2017},
  organization={IEEE}
}

@inproceedings{kedia2013fast,
  title={Fast dynamic binary translation for the kernel},
  author={Kedia, Piyus and Bansal, Sorav},
  booktitle={Proceedings of the Twenty-Fourth ACM Symposium on Operating Systems Principles},
  pages={101--115},
  year={2013}
}

@online{3A5000/3B5000,
  author = {Loongson},
  title = {龙芯3A5000/3B5000},
  year = 2022,
  url = {https://www.loongson.cn/productShow/32},
  urldate = {2022-3-22}
}

@online{LoongsonDune,
  author = {Martins3},
  title = {Loongson Dune},
  year = 2022,
  url = {https://github.com/Martins3/loongson-dune},
  urldate = {2022-5-1}
}

@online{kvmtool,
  author = {Andre Przywara},
  title = {kvmtool},
  year = 2022,
  url = {https://elinux.org/images/4/44/Przywara.pdf},
  urldate = {2022-4-7}
}

@online{LoongArch,
  author = {loongson},
  title = {LoongArch Reference Manual Volume 1: Basic Architecture},
  year = 2022,
  url = {https://loongson.github.io/LoongArch-Documentation/LoongArch-Vol1-EN.html},
  urldate = {2022-3-22}
}

@online{3A5000Release,
  author = {Loongson},
  title = {重磅发布 | 基于龙芯架构的新一代处理器龙芯3A5000正式发布},
  year = 2022,
  url = {https://www.loongson.cn/newsDetails/22},
  urldate = {2022-3-22}
}

@online{wine,
  author = {wine},
  title = {What is Wine?},
  year = 2022,
  url = {https://www.winehq.org/},
  urldate = {2022-3-22}
}

@phdthesis{faravelon2018acceleration,
  title={Acceleration of memory accesses in dynamic binary translation},
  author={Faravelon, Antoine},
  year={2018},
  school={Universit{\'e} Grenoble Alpes}
}

@inproceedings{belay2012dune,
  title={Dune: Safe user-level access to privileged $\{$CPU$\}$ features},
  author={Belay, Adam and Bittau, Andrea and Mashtizadeh, Ali and Terei, David and Mazi{\`e}res, David and Kozyrakis, Christos},
  booktitle={10th USENIX Symposium on Operating Systems Design and Implementation (OSDI 12)},
  pages={335--348},
  year={2012}
}

@article{russell2008virtio,
  title={virtio: towards a de-facto standard for virtual I/O devices},
  author={Russell, Rusty},
  journal={ACM SIGOPS Operating Systems Review},
  volume={42},
  number={5},
  pages={95--103},
  year={2008},
  publisher={ACM New York, NY, USA}
}

@inproceedings{bratterud2015includeos,
  title={IncludeOS: A minimal, resource efficient unikernel for cloud services},
  author={Bratterud, Alfred and Walla, Alf-Andre and Haugerud, H{\aa}rek and Engelstad, Paal E and Begnum, Kyrre},
  booktitle={2015 IEEE 7th international conference on cloud computing technology and science (cloudcom)},
  pages={250--257},
  year={2015},
  organization={IEEE}
}

@article{pci2002express,
  title={Express Base Specification},
  author={PCI-SIG, PCI},
  journal={Revision},
  volume={1},
  pages={422},
  year={2002}
}

@article{boggs2015denver,
  title={Denver: Nvidia's first 64-bit ARM processor},
  author={Boggs, Darrell and Brown, Gary and Tuck, Nathan and Venkatraman, KS},
  journal={IEEE Micro},
  volume={35},
  number={2},
  pages={46--55},
  year={2015},
  publisher={IEEE}
}

@article{barham2003xen,
  title={Xen and the art of virtualization},
  author={Barham, Paul and Dragovic, Boris and Fraser, Keir and Hand, Steven and Harris, Tim and Ho, Alex and Neugebauer, Rolf and Pratt, Ian and Warfield, Andrew},
  journal={ACM SIGOPS operating systems review},
  volume={37},
  number={5},
  pages={164--177},
  year={2003},
  publisher={ACM New York, NY, USA}
}

@inproceedings{d2017hypermambo,
  title={Hypermambo-x64: Using virtualization to support high-performance transparent binary translation},
  author={d'Antras, Amanieu and Gorgovan, Cosmin and Garside, Jim and Goodacre, John and Luj{\'a}n, Mikel},
  booktitle={Proceedings of the 13th ACM SIGPLAN/SIGOPS International Conference on Virtual Execution Environments},
  pages={228--241},
  year={2017}
}

@inproceedings{shen2012llbt,
  title={LLBT: an LLVM-based static binary translator},
  author={Shen, Bor-Yeh and Chen, Jiunn-Yeu and Hsu, Wei-Chung and Yang, Wuu},
  booktitle={Proceedings of the 2012 international conference on Compilers, architectures and synthesis for embedded systems},
  pages={51--60},
  year={2012}
}

@article{uhlig2005intel,
  title={Intel virtualization technology},
  author={Uhlig, Rich and Neiger, Gil and Rodgers, Dion and Santoni, Amy L and Martins, Fernando CM and Anderson, Andrew V and Bennett, Steven M and Kagi, Alain and Leung, Felix H and Smith, Larry},
  journal={Computer},
  volume={38},
  number={5},
  pages={48--56},
  year={2005},
  publisher={IEEE}
}

@inproceedings{williamson2012vfio,
  title={VFIO: A user’s perspective},
  author={Williamson, Alex},
  booktitle={KVM Forum},
  year={2012}
}
